@article{siegle,
	author    = {Greg Siegle},
	title     = {},
	journal   = {},
	volume    = {},
	year      = {2015},
	url       = {},
	timestamp = {},
	biburl    = {},
	bibsource = {}
}
@article{DBLP:journals/corr/HeZR015,
  author    = {Kaiming He and
               Xiangyu Zhang and
               Shaoqing Ren and
               Jian Sun},
  title     = {Delving Deep into Rectifiers: Surpassing Human-Level Performance on
               ImageNet Classification},
  journal   = {CoRR},
  volume    = {abs/1502.01852},
  year      = {2015},
  url       = {http://arxiv.org/abs/1502.01852},
  timestamp = {Mon, 02 Mar 2015 14:17:34 +0100},
  biburl    = {http://dblp.uni-trier.de/rec/bib/journals/corr/HeZR015},
  bibsource = {dblp computer science bibliography, http://dblp.org}
}
@article{DBLP:journals/corr/IoffeS15,
  author    = {Sergey Ioffe and
               Christian Szegedy},
  title     = {Batch Normalization: Accelerating Deep Network Training by Reducing
               Internal Covariate Shift},
  journal   = {CoRR},
  volume    = {abs/1502.03167},
  year      = {2015},
  url       = {http://arxiv.org/abs/1502.03167},
  timestamp = {Mon, 02 Mar 2015 14:17:34 +0100},
  biburl    = {http://dblp.uni-trier.de/rec/bib/journals/corr/IoffeS15},
  bibsource = {dblp computer science bibliography, http://dblp.org}
}
@article{DBLP:journals/corr/abs-1206-5538,
  author    = {Yoshua Bengio and
               Aaron C. Courville and
               Pascal Vincent},
  title     = {Unsupervised Feature Learning and Deep Learning: {A} Review and New
               Perspectives},
  journal   = {CoRR},
  volume    = {abs/1206.5538},
  year      = {2012},
  url       = {http://arxiv.org/abs/1206.5538},
  timestamp = {Wed, 10 Oct 2012 21:28:53 +0200},
  biburl    = {http://dblp.uni-trier.de/rec/bib/journals/corr/abs-1206-5538},
  bibsource = {dblp computer science bibliography, http://dblp.org}
}
@article{ICML:2010NairH10,
	author    = {Vinod Nair and
							 Geoffrey E. Hinton},
	title     = {Rectified Linear Units Improve Restricted Boltzmann Machines},
	journal   = {ICML},
	volumn    = {27},
	year      = {2010},
	url       = {http://machinelearning.wustl.edu/mlpapers/paper_files/icml2010_NairH10.pdf}
}